<record><leader>01686cam a2200409 a 4500</leader><controlfield tag="001">6804110</controlfield><controlfield tag="003">OCoLC</controlfield><controlfield tag="005">20150130074021.3</controlfield><controlfield tag="006">m     o  d        </controlfield><controlfield tag="007">cr cnu---unuuu</controlfield><controlfield tag="008">150103s2015    mdu     ob    001 0 eng d</controlfield><datafield ind1=" " ind2=" " tag="020"><subfield code="a">9781442236035</subfield><subfield code="q">electronic bk.</subfield></datafield><datafield ind1=" " ind2=" " tag="020"><subfield code="a">1442236035</subfield><subfield code="q">electronic bk.</subfield></datafield><datafield ind1=" " ind2=" " tag="035"><subfield code="a">ocn899158544</subfield></datafield><datafield ind1=" " ind2=" " tag="037"><subfield code="a">933209</subfield><subfield code="b">EBSCO</subfield></datafield><datafield ind1=" " ind2=" " tag="039"><subfield code="a">exclude</subfield></datafield><datafield ind1=" " ind2=" " tag="040"><subfield code="a">EBLCP</subfield><subfield code="b">eng</subfield><subfield code="c">EBLCP</subfield><subfield code="d">N$T</subfield><subfield code="d">TEFOD</subfield><subfield code="d">YDXCP</subfield><subfield code="d">OCLCO</subfield><subfield code="d">N$T</subfield><subfield code="d">AEU</subfield></datafield><datafield ind1=" " ind2="4" tag="050"><subfield code="a">ML3561.W45</subfield><subfield code="b">W4 2014</subfield></datafield><datafield ind1=" " ind2="7" tag="072"><subfield code="a">MUS</subfield><subfield code="x">042000</subfield><subfield code="2">bisacsh</subfield></datafield><datafield ind1=" " ind2="7" tag="072"><subfield code="a">MUS</subfield><subfield code="x">052000</subfield><subfield code="2">bisacsh</subfield></datafield><datafield ind1=" " ind2="7" tag="072"><subfield code="a">MUS</subfield><subfield code="x">037110</subfield><subfield code="2">bisacsh</subfield></datafield><datafield ind1="0" ind2="4" tag="082"><subfield code="a">782.42162/13</subfield><subfield code="2">23</subfield></datafield><datafield ind1=" " ind2=" " tag="090"><subfield code="a">Internet Access</subfield><subfield code="b">AEU</subfield></datafield><datafield ind1="0" ind2="0" tag="245"><subfield code="a">We shall overcome</subfield><subfield code="h">[electronic resource] :</subfield><subfield code="b">essays on a great American song /</subfield><subfield code="c">[edited by] Victor V. Bobetsky.</subfield></datafield><datafield ind1=" " ind2=" " tag="260"><subfield code="a">Lanham :</subfield><subfield code="b">Rowman &amp; Littlefield Publishers,</subfield><subfield code="c">&#169;2015.</subfield></datafield><datafield ind1=" " ind2=" " tag="300"><subfield code="a">1 online resource (151 p.)</subfield></datafield><datafield ind1=" " ind2=" " tag="500"><subfield code="a">Description based upon print version of record.</subfield></datafield><datafield ind1=" " ind2=" " tag="504"><subfield code="a">Includes bibliographical references and index.</subfield></datafield><datafield ind1=" " ind2=" " tag="506"><subfield code="a">Access restricted to authorized users and institutions.</subfield></datafield><datafield ind1=" " ind2=" " tag="588"><subfield code="a">Description based on online resource ; title from PDF title page (EBSCO; viewed on January 29, 2015).</subfield></datafield><datafield ind1=" " ind2=" " tag="596"><subfield code="a">44</subfield></datafield><datafield ind1="0" ind2="0" tag="630"><subfield code="a">We shall overcome.</subfield></datafield><datafield ind1=" " ind2="0" tag="650"><subfield code="a">Protest songs</subfield><subfield code="z">United States</subfield><subfield code="x">History and criticism.</subfield></datafield><datafield ind1="1" ind2=" " tag="700"><subfield code="a">Bobetsky, Victor V.</subfield></datafield><datafield ind1="4" ind2="0" tag="856"><subfield code="3">University of Alberta Access</subfield><subfield code="u">http://search.ebscohost.com/login.aspx?direct=true&amp;scope=site&amp;db=nlebk&amp;db=nlabk&amp;AN=933209</subfield><subfield code="z">(Single User Access)</subfield></datafield><datafield ind1=" " ind2=" " tag="949"><subfield code="h">UAIN</subfield><subfield code="z">EBSCOUA</subfield></datafield><datafield ind1=" " ind2=" " tag="926"><subfield code="a">Internet Access</subfield><subfield code="w">LC</subfield><subfield code="c">1</subfield><subfield code="i">6804110-1001</subfield><subfield code="l">INTERNET</subfield><subfield code="m">UAINTERNET</subfield><subfield code="r">Y</subfield><subfield code="s">Y</subfield><subfield code="t">E-RESOURCE</subfield><subfield code="u">2/12/2015</subfield><subfield code="x">E-BOOK</subfield><subfield code="z">EBSCOUA</subfield></datafield></record>